@article{bio2013,
	Author = {Business Innovation Observatory},
	Title = {Big Data: Artificial Intelligence},
	year = {2013},
	address = {Netherlands},
	pages = {1 -- 15},
}

@ONLINE{bloomberg2011,
	Author = {Bloomberg Businessweek},
	Title = {The Current State of Business Analytics: Where Do We Go from Here?},
	Year = {2011},
	Url ={http://www.sas.com/resources/asset/busanalyticsstudy_wp_08232011.pdf},
}

@article{dash_1997,
	Title = {Feature Selection for Classification},
	Pages = {131-156},
	Journaltitle = {Intelligent Data Analysis 1},
	Author = {M. Dash, H. Liu},
	Year = {1997},
	Date = {1997-03},
}

@article{liu_2005,
	Title = {Toward integrating feature selection algorithms for classification and clustering},
	Volume = {17},
	Issn = {1041-4347},
	Pages = {491--502},
	Journaltitle = {{IEEE} Transactions on Knowledge and Data Engineering},
	Author = {H. Liu e L. Yu},
	Year = {2005},
	Date = {2005-04},
}

@article{molina_2002,
	Title = {Feature Selection Algorithms: A Survey and Experimental Evaluation},
	Volume = {17},
	Isbn = {0-7695-1754-4},
	Pages = {306-313},
	Journaltitle = {Data Mining, 2002. ICDM 2003. Proceedings. 2002 IEEE International Conference},
	Author = {L. C. Molina},
	Year = {2002},
}

@article{guyon_2003,
	Title = {An Introduction to Variable and Feature Selection},
	Pages = {1157-1182},
	Journaltitle = {Journal of Machine Learning Research 3 (2003) },
	Author = {I. Guyon},
	Year = {2003},
}

@book{mitchell_1997,
	Author = {Mitchell, T.M.},
	Title = {Machine Learning},
	Year = {1997},
	Publisher = {McGraw-Hill},
	Address = {New York, NY},
	Pages = {},
	isbn = {0-07-042807-7},
}

@book{huan_1998,
	Author = {Huan Liu and Hiroshi Motoda.},
	Title = {Feature selection for knowledge discovery and data mining},
	Year = {1998},
	Publisher = {SPRINGER SCIENCE+BUSINESS MEDIA, LLC},
	Pages = {},
	isbn = {978-1-4615-5689-3},
}

@book{brink2014,
	Author = {Brink, H. and Richards, J.W.},
	Title = {Real World Machine Learning},
	Year = {2014},
	Publisher = {Manning Publications C.O},
	Pages = {},
}